%%
%% Arquivo de referências bibliográficas.
%%

% Source: https://www.nature.com/articles/43601
@article{albert1999internet,
  title={Internet: Diameter of the world-wide web},
  author={Albert, R{\'e}ka and Jeong, Hawoong and Barab{\'a}si, Albert-L{\'a}szl{\'o}},
  journal={nature},
  volume={401},
  number={6749},
  pages={130},
  year={1999},
  publisher={Nature Publishing Group}
}

% Source: https://www.nature.com/articles/160486a0
@article{lattes1947observations,
  title={Observations on the tracks of slow mesons in photographic emulsions},
  author={Lattes, Cesare Mansueto Giulio and Occhialini, Giuseppe PS and Powell, Cecil Frank},
  journal={Nature},
  volume={160},
  number={4067},
  pages={486},
  year={1947},
  publisher={Nature Publishing Group}
}

% Source: https://link.springer.com/content/pdf/10.1007/BF01386390.pdf
@article{dijkstra1959note,
  title={A note on two problems in connexion with graphs},
  author={Dijkstra, Edsger W},
  journal={Numerische mathematik},
  volume={1},
  number={1},
  pages={269--271},
  year={1959},
  publisher={Springer}
}

% Source: http://link.springer.com/10.1007/s00450-012-0232-2
@article{souza-et-al:csrd13,
 title = {{Requirements-driven software evolution}},
 author = {Souza, V\'{\i}tor E. Silva and Lapouchnian, Alexei and Angelopoulos, Konstantinos and Mylopoulos, John},
 journal = {Computer Science - Research and Development},
 number = {4},
 pages = {311--329},
 publisher = {Springer},
 volume = {28},
 year = {2013}
}

% Source: http://dx.doi.org/10.1002/spe.2245
@article{souza-mylopoulos:spe13,
 title = {{Designing an adaptive computer-aided ambulance dispatch system with Zanshin: an experience report}},
 author = {Souza, V\'{\i}tor E. Silva and Mylopoulos, John},
 editor = {Wellings, Andy},
 journal = {Software: Practice and Experience (online first: http://dx.doi.org/10.1002/spe.2245)},
 publisher = {Wiley},
 year = {2013}
}
