@techreport{aguiar-souza:report24,
	title = {{A Guide to SABiOx --- the Extended Systematic Approach for Building Ontologies}},
	author = {Aguiar, Camila Zacché de and Souza, Vítor E. Silva},
	institution = {{Ontology \& Conceptual Modeling Research Group (NEMO), Federal University of Espírito Santo (UFES)}},
	address = {Available at: \url{https://nemo.inf.ufes.br/projetos/sabiox/}},
	year = {2024}
}

@inproceedings{guizzardi-et-al:er18,
	title = {{Endurant Types in Ontology-Driven Conceptual Modeling: Towards OntoUML 2.0}},
	author = {Guizzardi, Giancarlo and Fonseca, Claudenir M. and Benevides, Alessander B. and Almeida, João Paulo A. and Porello, Daniele and Sales, Tiago P.},
	booktitle = {{Proc. of the 37$^{\rm th}$ International Conference on Conceptual Modeling (ER 2018)}},
	publisher = {{Springer}},
	pages = {136--150},
	doi = {10.1007/978-3-030-00847-5_12},
	year = {2018}
}

@article{guizzardi-et-al:aoj22,
	title = {{UFO: Unified Foundational Ontology}},
	author = {Guizzardi, Giancarlo and Sales, Tiago P. and Almeida, João Paulo A. and Poels, Geert},
	journal = {{Applied Ontology (online)}},
	volume = {17},
	pages = {167--210},
	doi = {10.3233/ao-210256},
	issn = {18758533},
	year = {2022}
}