@incollection{guarino-et-al:hobook09,
	title = {{What is an Ontology?}},
	author = {Guarino, Nicola and Oberle, Daniel and Staab, Steffen},
	booktitle = {Handbook on Ontologies},
	edition = {2},
	editor = {Staab, Steffen and Studer, Rudi},
	pages = {1--17},
	publisher = {Springer},
	series = {International Handbooks on Information Systems},
	year = {2009}
}