%%
%% Arquivo de referências bibliográficas.
%%

% Source: http://www.igi-global.com/reference/details.asp?id=33232
@incollection{souza-et-al:iism08,
 title = {{Designing Web Information Systems for a Framework-based Construction}},
 author = {Souza, V\'{\i}tor E. S. and Falbo, Ricardo A. and Guizzardi, Giancarlo},
 booktitle = {Innovations in Information Systems Modeling: Methods and Best Practices},
 chapter = {11},
 edition = {1},
 editor = {Halpin, Terry and Proper, Eric and Krogstie, John},
 pages = {203--237},
 publisher = {IGI Global},
 year = {2008}
}

% Source: http://link.springer.com/chapter/10.1007/978-3-642-35813-5_6
@incollection{souza-et-al:sesas13,
 title = {{Awareness Requirements}},
 author = {Souza, V\'{\i}tor E. S. and Lapouchnian, Alexei and Robinson, William N. and Mylopoulos, John},
 booktitle = {Software Engineering for Self-Adaptive Systems II},
 editor = {Lemos, Rog\'{e}rio and Giese, Holger and M\"{u}ller, Hausi A. and Shaw, Mary},
 pages = {133--161},
 publisher = {Springer},
 series = {Lecture Notes in Computer Science},
 volume = {7475},
 year = {2013}
}

% Source: http://link.springer.com/10.1007/s00450-012-0232-2
@article{souza-et-al:csrd13,
 title = {{Requirements-driven software evolution}},
 author = {Souza, V\'{\i}tor E. Silva and Lapouchnian, Alexei and Angelopoulos, Konstantinos and Mylopoulos, John},
 journal = {Computer Science - Research and Development},
 number = {4},
 pages = {311--329},
 publisher = {Springer},
 volume = {28},
 year = {2013}
}

% Source: http://dx.doi.org/10.1002/spe.2245
@article{souza-mylopoulos:spe13,
 title = {{Designing an adaptive computer-aided ambulance dispatch system with Zanshin: an experience report}},
 author = {Souza, V\'{\i}tor E. Silva and Mylopoulos, John},
 editor = {Wellings, Andy},
 journal = {Software: Practice and Experience (online first: http://dx.doi.org/10.1002/spe.2245)},
 publisher = {Wiley},
 year = {2013}
}
