% Source: http://eprints-phd.biblio.unitn.it/809/
@phdthesis{souza:phdthesis12,
title = {{Requirements-based Software System Adaptation}},
author = {Souza, V{\'{i}}tor E. S.},
school = {University of Trento, Italy},
year = {2012}
}

