@techreport{aguiar-souza:report24,
	title = {{A Guide to SABiOx --- the Extended Systematic Approach for Building Ontologies}},
	author = {Aguiar, Camila Zacché de and Souza, Vítor E. Silva},
	institution = {{Ontology \& Conceptual Modeling Research Group (NEMO), Federal University of Espírito Santo (UFES)}},
	address = {Available at: \url{https://nemo.inf.ufes.br/projetos/sabiox/}},
	year = {2024}
}
